@online{boosting-notes,
    author = {Nicol√≤ Cesa-Bianchi},
    title = {Boosting and ensemble methods},
    url  = {https://cesa-bianchi.di.unimi.it/MSA/Notes/boosting.pdf},
    addendum = {accessed: 19.10.2021}
}

@online{fctd,
    title = {Forest Cover Type Dataset},
    url  = {https://www.kaggle.com/uciml/forest-cover-type-dataset},
    addendum = {accessed: 19.10.2021}
}

@online{kfold,
    title = {sklearn.model_selection.KFold},
    url  = {https://scikit-learn.org/stable/modules/generated/sklearn.model_selection.KFold.html},
    addendum = {accessed: 20.10.2021}
}

@inbook{multi-adaboost,
    author = {Yoav Freund, Robert Schapire},
    title = {Boosting: Foundations and Algorithms},
    publisher = {The MIT Press; Illustrated edition},
    year = {2014},
    chapter = {10}
}

@inbook{ermds,
    author = {Shai Shalev-Shwartz, Shai Ben-David},
    title = {Understanding Machine Learning: From Theory to Algorithms},
    publisher = {Cambridge University Press},
    year = {2014},
    chapter = {10.1}
}